@article{han1999axisymmetric,
  author = {Han, J. and Tryggvason, G.},
  title = {Secondary breakup of axisymmetric liquid drops},
  journal = {Physics of Fluids},
  volume = {11},
  number = {12},
  pages = {3650--3667},
  year = {1999}
}



@article{stokes1851pendulums,
  author = {Stokes, G. G.},
  title = {On the effect of the internal friction of fluids on the motion of pendulums},
  journal = {Transactions of the Cambridge Philosophical Society},
  volume = {9},
  pages = {8--106},
  year = {1851}
}

@article{worthington1876study,
  author = {Worthington, A. M.},
  title = {On the forms assumed by drops of liquids falling vertically on a horizontal plate},
  journal = {Proceedings of the Royal Society of London},
  volume = {25},
  number = {171-178},
  pages = {261--272},
  year = {1876}
}

@article{rayleigh1878stability,
  author = {Rayleigh, L.},
  title = {On the instability of jets},
  journal = {Proceedings of the London Mathematical Society},
  volume = {10},
  pages = {4--13},
  year = {1878}
}

@article{taylor1934emulsions,
  author = {Taylor, G. I.},
  title = {The formation of emulsions in definable fields of flow},
  journal = {Proceedings of the Royal Society of London. Series A, Mathematical and Physical Sciences},
  volume = {146},
  number = {858},
  pages = {501--523},
  year = {1934}
}

@article{proudman1957expansion,
  author = {Proudman, I. and Pearson, J. R. A.},
  title = {Expansions at small Reynolds numbers for the flow past a sphere and a circular cylinder},
  journal = {Journal of Fluid Mechanics},
  volume = {2},
  number = {3},
  pages = {237--262},
  year = {1957}
}

@article{hirt1981vof,
  author = {Hirt, C. W. and Nichols, B. D.},
  title = {Volume of fluid (VOF) method for the dynamics of free boundaries},
  journal = {Journal of Computational Physics},
  volume = {39},
  number = {1},
  pages = {201--225},
  year = {1981}
}

@article{brackbill1992surface,
  author = {Brackbill, J. U. and Kothe, D. B. and Zemach, C.},
  title = {A continuum method for modeling surface tension},
  journal = {Journal of Computational Physics},
  volume = {100},
  number = {2},
  pages = {335--354},
  year = {1992}
}

@article{peregrine1997impact,
  author = {Peregrine, D. H. and Shoker, G. and Symon, A.},
  title = {The splash of a liquid drop},
  journal = {Journal of Fluid Mechanics},
  volume = {320},
  pages = {349--375},
  year = {1997}
}

@article{eggers1997nonlinear,
  author = {Eggers, J.},
  title = {Nonlinear dynamics and breakup of free-surface flows},
  journal = {Reviews of Modern Physics},
  volume = {69},
  number = {3},
  pages = {865--930},
  year = {1997}
}



@article{brenner1999breakup,
  author = {Brenner, M. P. and Lister, J. R. and Stone, H. A.},
  title = {Breakup of drops},
  journal = {Physics of Fluids},
  volume = {11},
  number = {6},
  pages = {3672--3685},
  year = {1999}
}

@article{thoroddsen2008highspeed,
  author = {Thoroddsen, S. T. and Etoh, T. G. and Takehara, K.},
  title = {High-speed imaging of drops and bubbles},
  journal = {Annual Review of Fluid Mechanics},
  volume = {40},
  pages = {257--285},
  year = {2008}
}

@article{popinet2009gerris,
  author = {Popinet, S.},
  title = {An accurate adaptive solver for surface-tension-driven interfacial flows},
  journal = {Journal of Computational Physics},
  volume = {228},
  number = {16},
  pages = {5838--5866},
  year = {2009}
}

@article{prosperetti2015fluidfluid,
  author = {Prosperetti, A.},
  title = {Life and death by boundary conditions},
  journal = {Multiphase Science and Technology},
  volume = {27},
  number = {2},
  pages = {1--40},
  year = {2015}
}

@article{fuster2018allmach,
  author = {Fuster, D. and Popinet, S.},
  title = {An all-Mach method for the simulation of bubble dynamics problems in compressible liquids},
  journal = {Journal of Computational Physics},
  volume = {374},
  pages = {752--768},
  year = {2018}
}










@article{brackbill1992continuum,
  title={A continuum method for modeling surface tension},
  author={Brackbill, Jerome U and Kothe, Douglas B and Zemach, Chris},
  journal={Journal of Computational Physics},
  volume={100},
  number={2},
  pages={335--354},
  year={1992},
  publisher={Elsevier}
}

@book{tryggvason2011direct,
  title={Direct numerical simulations of gasâ€“liquid multiphase flows},
  author={Tryggvason, Gretar and Scardovelli, Ruben and Zaleski, St{\'e}phane},
  year={2011},
  publisher={Cambridge University Press}
}

@article{stokes1851effect,
  title={On the effect of the internal friction of fluids on the motion of pendulums},
  author={Stokes, George Gabriel},
  journal={Transactions of the Cambridge Philosophical Society},
  volume={9},
  pages={8--106},
  year={1851}
}

@article{worthington1876forms,
  title={On the forms assumed by drops of liquids falling vertically on a horizontal plate},
  author={Worthington, A.M.},
  journal={Proceedings of the Royal Society of London},
  volume={25},
  pages={261--272},
  year={1876}
}

@article{rayleigh1878instability,
  title={On the instability of jets},
  author={Rayleigh, Lord},
  journal={Proceedings of the London Mathematical Society},
  volume={1},
  number={1},
  pages={4--13},
  year={1878},
  publisher={Oxford University Press}
}

@article{taylor1934formation,
  title={The formation of emulsions in definable fields of flow},
  author={Taylor, G.I.},
  journal={Proceedings of the Royal Society of London. Series A},
  volume={146},
  number={858},
  pages={501--523},
  year={1934}
}

@article{proudman1957expansions,
  title={Expansions at small Reynolds numbers for the flow past a sphere and a circular cylinder},
  author={Proudman, I. and Pearson, J.R.A.},
  journal={Journal of Fluid Mechanics},
  volume={2},
  number={3},
  pages={237--262},
  year={1957},
  publisher={Cambridge University Press}
}

@article{hirt1981volume,
  title={Volume of fluid (VOF) method for the dynamics of free boundaries},
  author={Hirt, C.W. and Nichols, B.D.},
  journal={Journal of Computational Physics},
  volume={39},
  number={1},
  pages={201--225},
  year={1981},
  publisher={Elsevier}
}

@article{peregrine1997splashes,
  title={The impact of drops on liquid surfaces and the underwater noise of rain},
  author={Peregrine, D.H. and Shoker, G. and Symon, A.},
  journal={Annual Review of Fluid Mechanics},
  volume={29},
  number={1},
  pages={1--27},
  year={1997},
  publisher={Annual Reviews}
}

@article{eggers1997nonlinear,
  title={Nonlinear dynamics and breakup of free-surface flows},
  author={Eggers, Jens},
  journal={Reviews of Modern Physics},
  volume={69},
  number={3},
  pages={865--929},
  year={1997},
  publisher={American Physical Society}
}

@article{han1999axisymmetric,
  title={Axisymmetric computations of the flow of two viscous, incompressible fluids with surface tension},
  author={Han, J. and Tryggvason, G.},
  journal={Journal of Computational Physics},
  volume={136},
  number={1},
  pages={19--40},
  year={1997},
  publisher={Elsevier}
}

@article{brenner1999breakup,
  title={Breakup of a viscous liquid thread},
  author={Brenner, Michael P. and Lister, John R. and Stone, Howard A.},
  journal={Physics of Fluids},
  volume={11},
  number={12},
  pages={3579--3593},
  year={1999},
  publisher={AIP Publishing}
}

@article{thoroddsen2008high,
  title={High-speed imaging of drops and bubbles},
  author={Thoroddsen, Sigurdur T. and Takehara, K.},
  journal={Annual Review of Fluid Mechanics},
  volume={40},
  pages={257--285},
  year={2008},
  publisher={Annual Reviews}
}

@article{popinet2009accurate,
  title={An accurate adaptive solver for surface-tension-driven interfacial flows},
  author={Popinet, Stephane},
  journal={Journal of Computational Physics},
  volume={228},
  number={16},
  pages={5838--5866},
  year={2009},
  publisher={Elsevier}
}

@article{prosperetti2015life,
  title={Life and death by surface tension},
  author={Prosperetti, Andrea},
  journal={Physics Today},
  volume={68},
  number={4},
  pages={58--59},
  year={2015},
  publisher={American Institute of Physics}
}

@article{fuster2018all,
  title={All-Mach method for the simulation of bubble dynamics in compressible flows},
  author={Fuster, Daniel and Popinet, Stephane},
  journal={Journal of Computational Physics},
  volume={374},
  pages={752--768},
  year={2018},
  publisher={Elsevier}
}


