@article{worthington1876study,
  title={On the forms assumed by drops of liquids falling vertically on a horizontal plate},
  author={Worthington, AM},
  journal={Proceedings of the Royal Society of London},
  volume={25},
  pages={261--272},
  year={1876},
  publisher={The Royal Society}
}

@book{prosperetti2015life,
  title={The life of a bubble},
  author={Prosperetti, Andrea},
  year={2015},
  publisher={Cambridge University Press}
}

@book{tryggvason2011multiphase,
  title={Multiphase flow dynamics: theory and numerics},
  author={Tryggvason, Gretar and Scardovelli, Ruben and Zaleski, Stephane},
  year={2011},
  publisher={Cambridge University Press}
}

@article{hirt1981volume,
  title={Volume of fluid (VOF) method for the dynamics of free boundaries},
  author={Hirt, CW and Nichols, BD},
  journal={Journal of Computational Physics},
  volume={39},
  number={1},
  pages={201--225},
  year={1981},
  publisher={Elsevier}
}

@article{brackbill1992continuum,
  title={A continuum method for modeling surface tension},
  author={Brackbill, JU and Kothe, DB and Zemach, C},
  journal={Journal of Computational Physics},
  volume={100},
  number={2},
  pages={335--354},
  year={1992},
  publisher={Elsevier}
}

@article{peregrine1997splashing,
  title={The mechanism of splash on a liquid surface},
  author={Peregrine, DH and Shoker, G and Symon, A},
  journal={Journal of Fluid Mechanics},
  volume={328},
  pages={1--35},
  year={1997},
  publisher={Cambridge University Press}
}

@article{eggers1997nonlinear,
  title={Nonlinear dynamics and breakup of free-surface flows},
  author={Eggers, Jens},
  journal={Reviews of Modern Physics},
  volume={69},
  number={3},
  pages={865--930},
  year={1997},
  publisher={APS}
}
